@inproceedings{Applicant2018Advances,
  title={Previous Work},
  author={\textbf{applicant last}, \textbf{applicant first} and other last, other first},
  booktitle={Advances in Science 2018},
  year={2018},
  keywords = {applicant},
}

@article{wilkinson2016fair,
  title={The FAIR Guiding Principles for scientific data management and stewardship},
  author={Wilkinson, Mark D and Dumontier, Michel and Aalbersberg, IJsbrand Jan and Appleton, Gabrielle and Axton, Myles and Baak, Arie and Blomberg, Niklas and Boiten, Jan-Willem and da Silva Santos, Luiz Bonino and Bourne, Philip E and others},
  journal={Scientific data},
  volume={3},
  number={1},
  year={2016},
  url = {https://rdcu.be/elOwG}
}
